<record><leader>00000cas a2200000 a 4500</leader><controlfield tag="001">24807634</controlfield><controlfield tag="008">911119d19681968nyuwr ne      0    0eng c</controlfield><datafield ind1=" " ind2=" " tag="010"><subfield code="a">sn 92061620 </subfield></datafield><datafield ind1=" " ind2=" " tag="040"><subfield code="a">NYS</subfield><subfield code="b">eng</subfield><subfield code="c">NYS</subfield><subfield code="d">NSD</subfield><subfield code="d">NYS</subfield><subfield code="d">OCLCQ</subfield><subfield code="d">OCLCF</subfield><subfield code="d">OCLCO</subfield></datafield><datafield ind1=" " ind2=" " tag="042"><subfield code="a">pcc</subfield></datafield><datafield ind1=" " ind2=" " tag="043"><subfield code="a">n-us-ny</subfield></datafield><datafield ind1="0" ind2="0" tag="245"><subfield code="a">Deposit courier and the Windsor standard.</subfield></datafield><datafield ind1=" " ind2=" " tag="260"><subfield code="a">Deposit ;</subfield><subfield code="a">Windsor, N.Y. :</subfield><subfield code="b">[s.n.],</subfield><subfield code="c">1968.</subfield></datafield><datafield ind1=" " ind2=" " tag="300"><subfield code="a">1 v. ;</subfield><subfield code="c">58 cm.</subfield></datafield><datafield ind1=" " ind2=" " tag="310"><subfield code="a">Weekly</subfield></datafield><datafield ind1="0" ind2=" " tag="362"><subfield code="a">Vol. 121, no. 3 (Jan. 18, 1968)-v. 121, no. 22 (May 30, 1968).</subfield></datafield><datafield ind1=" " ind2="0" tag="651"><subfield code="a">Deposit (N.Y.)</subfield><subfield code="v">Newspapers.</subfield></datafield><datafield ind1=" " ind2="0" tag="651"><subfield code="a">Delaware County (N.Y.)</subfield><subfield code="v">Newspapers.</subfield></datafield><datafield ind1=" " ind2="0" tag="651"><subfield code="a">Broome County (N.Y.)</subfield><subfield code="v">Newspapers.</subfield></datafield><datafield ind1=" " ind2="0" tag="651"><subfield code="a">Windsor (N.Y.)</subfield><subfield code="v">Newspapers.</subfield></datafield><datafield ind1=" " ind2="7" tag="655"><subfield code="a">Newspapers.</subfield><subfield code="2">fast</subfield><subfield code="0">(OCoLC)fst01423814</subfield></datafield><datafield ind1=" " ind2="7" tag="651"><subfield code="a">New York (State)</subfield><subfield code="z">Broome County.</subfield><subfield code="2">fast</subfield><subfield code="0">(OCoLC)fst01233031</subfield></datafield><datafield ind1=" " ind2="7" tag="651"><subfield code="a">New York (State)</subfield><subfield code="z">Delaware County.</subfield><subfield code="2">fast</subfield><subfield code="0">(OCoLC)fst01210438</subfield></datafield><datafield ind1=" " ind2="7" tag="651"><subfield code="a">New York (State)</subfield><subfield code="z">Deposit.</subfield><subfield code="2">fast</subfield><subfield code="0">(OCoLC)fst01219272</subfield></datafield><datafield ind1=" " ind2="7" tag="651"><subfield code="a">New York (State)</subfield><subfield code="z">Windsor.</subfield><subfield code="2">fast</subfield><subfield code="0">(OCoLC)fst01219259</subfield></datafield><datafield ind1=" " ind2=" " tag="752"><subfield code="a">United States</subfield><subfield code="b">New York</subfield><subfield code="c">Delaware</subfield><subfield code="d">Deposit.</subfield></datafield><datafield ind1=" " ind2=" " tag="752"><subfield code="a">United States</subfield><subfield code="b">New York</subfield><subfield code="c">Broome</subfield><subfield code="d">Deposit.</subfield></datafield><datafield ind1=" " ind2=" " tag="752"><subfield code="a">United States</subfield><subfield code="b">New York</subfield><subfield code="c">Broome</subfield><subfield code="d">Windsor.</subfield></datafield><datafield ind1="0" ind2="4" tag="780"><subfield code="t">Deposit courier (Deposit, N.Y. : 1930)</subfield><subfield code="w">(DLC)sn 88075846</subfield><subfield code="w">(OCoLC)13772914</subfield></datafield><datafield ind1="0" ind2="4" tag="780"><subfield code="t">Windsor standard (Windsor, N.Y. : 1878)</subfield><subfield code="w">(DLC)sn 89071011</subfield><subfield code="w">(OCoLC)18936367</subfield></datafield><datafield ind1="0" ind2="6" tag="785"><subfield code="t">Deposit courier (Deposit, N.Y. : 1968)</subfield><subfield code="w">(DLC)sn 92061621</subfield><subfield code="w">(OCoLC)24814133</subfield></datafield><datafield ind1="0" ind2="6" tag="785"><subfield code="t">Windsor standard (Windsor, N.Y. : 1968)</subfield><subfield code="x">1059-5449</subfield><subfield code="w">(DLC)sn 92061622</subfield><subfield code="w">(OCoLC)24808006</subfield></datafield></record>